 

@Book{firstBook,
  Title                    = {Title of a book},
  Author                   = {Name Surname and Name Surname},
  Publisher                = {Publisher},
  Year                     = {2017},
  Address                  = {Hong Kong},
  ISBN                     = {83-204-3229-9-434}
}


@Article{bib:article:sukiennik,
  Title                    = {Logistics Costs in Manufacturing Companies},
  Author                   = {Katarzyna Sukiennik},
  Journal                  = {Zeszyty Naukowe Politechniki Częstochowskiej. Zarządzanie},
  Year                     = {2011},
  Number                   = {4},
  Pages                    = {131-139},
  Volume                   = {---}
}


@InProceedings{bib:conference,
  Title                    = {Title of a conference article},
  Author                   = {Name Surname and Surname, Name and N. Surname},
  Booktitle                = {Conference title},
  Year                     = {2006}, 
  Pages                    = {5346--5349}
}
 

@misc{bib:internet,
  author                   = {Name Surname and Surname, Name and N. Surname},
  title                    = {Title of a web page},
  howpublished             = {\url{http://somewhere/in/internet.html}},
  note                     = {[access date: 2018-09-30]}
}
  
